% This file was created with JabRef 2.10b2.
% Encoding: UTF-8

@article{Block1990,
  title = {Efficient box-counting determination of generalized fractal dimensions},
  author = {Block, A. and von Bloh, W. and Schellnhuber, H. J.},
  journal = {Phys. Rev. A},
  volume = {42},
  issue = {4},
  pages = {1869--1874},
  numpages = {0},
  year = {1990},
  month = {Aug},
  publisher = {American Physical Society},
  doi = {10.1103/PhysRevA.42.1869},
  url = {https://link.aps.org/doi/10.1103/PhysRevA.42.1869}
}

@ARTICLE{Mo2012, 
author={D. Mo and S. H. Huang}, 
journal={IEEE Transactions on Knowledge and Data Engineering}, 
title={Fractal-Based Intrinsic Dimension Estimation and Its Application in Dimensionality Reduction}, 
year={2012}, 
volume={24}, 
number={1}, 
pages={59-71}, 
keywords={data mining;database management systems;fractal-based intrinsic dimension estimation;knowledge discovery;databases;box-counting dimension;correlation dimension;supervised dimensionality reduction method;Fractals;Feature extraction;Knowledge transfer;Data mining;Principal component analysis;Intrinsic dimension;Fractal dimension;Feature selection;knowledge discovery in databases.}, 
doi={10.1109/TKDE.2010.225}, 
ISSN={1041-4347}, 
month={Jan}}

@Misc{POSTGRESQL2017,
  Title                    = {PostgreSQL 10 Documentation},

  Author                   = {PostgreSQL},
  Year                     = {2017},

  Key                      = {PostgreSQL},
  Timestamp                = {2017.10},
  Url                      = {https://www.postgresql.org/docs/10/},
  Urlaccessdate            = {25 de outubro de 2018}
}

@article{Traina2007,
author = {{TRAINA JUNIOR}, Caetano and F. Santos Filho, Roberto and Traina, Agma and R. Vieira, Marcos and Faloutsos, Christos},
year = {2007},
month = {08},
pages = {483-505},
title = {The Omni-family of all-purpose access methods: a simple and effective way to make similarity search more efficient},
volume = {16},
booktitle = {VLDB J.}
}

@article{Choras2007,
  title={Image feature extraction techniques and their applications for CBIR and biometrics systems},
  author={Choras, Ryszard S},
  journal={International journal of biology and biomedical engineering},
  volume={1},
  number={1},
  pages={6--16},
  year={2007}
}

@article{Gutta1997,
  title={Face recognition using hybrid classifiers},
  author={Gutta, Srinivas and Wechsler, Harry},
  journal={Pattern Recognition},
  volume={30},
  number={4},
  pages={539--553},
  year={1997},
  publisher={Elsevier}
}

@inproceedings{Lehmann1999,
  title={Content-based image retrieval in medical applications: a novel multistep approach},
  author={Lehmann, Thomas Martin and Wein, Berthold B and Dahmen, Joerg and Bredno, Joerg and Vogelsang, Frank and Kohnen, Michael},
  booktitle={Storage and Retrieval for Media Databases 2000},
  volume={3972},
  pages={312--321},
  year={1999},
  organization={International Society for Optics and Photonics}
}


@article{Bugatti2014,
  title={PRoSPer: Perceptual similarity queries in medical CBIR systems through user profiles},
  author={Bugatti, Pedro H and Kaster, Daniel S and Ponciano-Silva, Marcelo and Traina, Caetano and Azevedo-Marques, Paulo M and Traina, Agma JM},
  journal={Computers in biology and medicine},
  volume={45},
  pages={8--19},
  year={2014},
  publisher={Elsevier}
}


@inproceedings{Marchiori2001,
author={A. Marchiori and C. Brodley and J. Dy and C. Pavlopoulou and A. Kak and L. Broderick and A. M. Aisen},
booktitle={Proceedings IEEE Workshop on Content-Based Access of Image and Video Libraries (CBAIVL 2001)},
title={CBIR for medical images - an evaluation trial},
year={2001},
pages={89-93},
doi={10.1109/IVL.2001.990861}
}

@inproceedings{Glatard2004,
 author = {Glatard, Tristan and Montagnat, Johan and Magnin, Isabelle E.},
 title = {Texture Based Medical Image Indexing and Retrieval: Application to Cardiac Imaging},
 booktitle = {Proceedings of the 6th ACM SIGMM International Workshop on Multimedia Information Retrieval},
 series = {MIR '04},
 year = {2004},
 isbn = {1-58113-940-3},
 location = {New York, NY, USA},
 pages = {135--142},
 numpages = {8},
 url = {http://doi.acm.org/10.1145/1026711.1026734},
 doi = {10.1145/1026711.1026734},
 acmid = {1026734},
 publisher = {ACM},
 address = {New York, NY, USA},
 keywords = {indexing, medical imaging, retrieval, segmentation, texture}
} 



@inproceedings{Lehman1986,
 author = {Lehman, Tobin J. and Carey, Michael J.},
 title = {A Study of Index Structures for Main Memory Database Management Systems},
 booktitle = {Proceedings of the 12th International Conference on Very Large Data Bases},
 series = {VLDB '86},
 year = {1986},
 isbn = {0-934613-18-4},
 pages = {294--303},
 numpages = {10},
 url = {http://dl.acm.org/citation.cfm?id=645913.671312},
 acmid = {671312},
 publisher = {Morgan Kaufmann Publishers Inc.},
 address = {San Francisco, CA, USA}
} 

@article{Kokare2007,
title = {Texture image retrieval using rotated wavelet filters},
journal = {Pattern Recognition Letters},
volume = {28},
number = {10},
pages = {1240 - 1249},
year = {2007},
issn = {0167-8655},
doi = {https://doi.org/10.1016/j.patrec.2007.02.006},
url = {http://www.sciencedirect.com/science/article/pii/S0167865507000608},
author = {Manesh Kokare and P.K. Biswas and B.N. Chatterji}
}

@book{Shirali2005,
  title={Metric Spaces},
  author={Shirali, S. and Vasudeva, H.L.},
  isbn={9781846282447},
  lccn={2005923525},
  url={https://books.google.com.br/books?id=MXUbkAhMjLQC},
  year={2005},
  publisher={Springer London}
}


@article{Haralick1973,
author={R. M. Haralick and K. Shanmugam and I. Dinstein},
journal={IEEE Transactions on Systems, Man, and Cybernetics},
title={Textural Features for Image Classification},
year={1973},
volume={SMC-3},
number={6},
pages={610-621},
doi={10.1109/TSMC.1973.4309314},
ISSN={0018-9472},
month={Nov}
}

@article{Swain1991,
author={Swain, Michael J. and Ballard, Dana H.},
title={Color indexing},
journal={International Journal of Computer Vision},
year={1991},
month={Nov},
day={01},
volume={7},
number={1},
pages={11--32},
issn={1573-1405},
doi={10.1007/BF00130487},
url={https://doi.org/10.1007/BF00130487}
}

@book{Silberschatz2011, 
place={New York}, 
edition={6}, 
title={Database system concepts}, 
publisher={McGraw-Hill}, 
author={Silberschatz, Abraham and Korth, Henry F. and Sudarshan, S.}, 
year={2011}}


@book{Jain1988,
 author = {Jain, Anil K. and Dubes, Richard C.},
 title = {Algorithms for Clustering Data},
 year = {1988},
 isbn = {0-13-022278-X},
 publisher = {Prentice-Hall, Inc.},
 address = {Upper Saddle River, NJ, USA},
}

@book{Lima1977,
  title={Espa{\c{c}}os m{\'e}tricos},
  author={Lima, E.L.},
  lccn={78382414},
  series={Projeto Euclides},
  year={1977},
  publisher={Instituto de Matem{\'a}tica Pura e Aplicada, CNPq}
}


@article{Ferreira2009,
author = {Ribeiro Porto Ferreira, Mônica and Traina, Agma and Dias, Ires and Chbeir, Richard and Jr, Caetano},
year = {2009},
month = {05},
pages = {},
title = {Identifying Algebraic Properties to Support Optimization of Unary Similarity Queries},
volume = {450},
booktitle = {CEUR Workshop Proceedings}
}

@article{Long2009,
author = {Long, L and Antani, Sameer and Martin Deserno, Thomas and R. Thoma, George},
year = {2009},
month = {01},
pages = {1-16},
title = {Content-Based Image Retrieval in Medicine: Retrospective Assessment, State of the Art, and Future Directions.},
volume = {4},
booktitle = {IJHISI}
}


@inproceedings{Traina2001,
 author = {{SANTOS FILHO}, Roberto F. and Traina, Agma J. M. and Traina,Jr., Caetano and Faloutsos, Christos},
 title = {Similarity Search Without Tears: The OMNI Family of All-purpose Access Methods},
 booktitle = {Proceedings of the 17th International Conference on Data Engineering},
 year = {2001},
 isbn = {0-7695-1001-9},
 pages = {623--630},
 numpages = {8},
 url = {http://dl.acm.org/citation.cfm?id=645484.656543},
 acmid = {656543},
 publisher = {IEEE Computer Society},
 address = {Washington, DC, USA},
} 

@PhdThesis{POLA2010,
  Title                    = {Explorando conceitos da teoria de espa{\c c}os m\'etricos em consultas por similaridade sobre dados complexos},
  Author                   = {Ives Renê Venturini Pola},
  School                   = {Instituto de Ci\^encias Matem\'aticas e de Computa{\c c}\~ao, Universidade de S\~ao Paulo},
  Year                     = {2010},

  Address                  = {São Carlos},
  Type                     = {Doutorado em Ci{\^e}ncia da Computa{\c c}\~ao},
  doi 			   = {10.11606/T.55.2010.tde-22092010-144202},
  Timestamp                = {2017.08.30},
  Year-presented           = {Agosto 2010},
}


@article {Barioni2009,
author = {Barioni, M. C. N. and Razente, H. L. and Traina, A. J. M. and Traina, C.},
title = {Seamlessly integrating similarity queries in SQL},
journal = {Software: Practice and Experience},
volume = {39},
number = {4},
publisher = {John Wiley \& Sons, Ltd.},
issn = {1097-024X},
url = {http://dx.doi.org/10.1002/spe.898},
doi = {10.1002/spe.898},
pages = {355--384},
keywords = {similarity queries, content-based retrieval, metric access methods, SQL extension},
year = {2009},
}


@Misc{DBE2017,
  Title                    = {DB-Engines Ranking},

  Author                   = {DB-Engines},
  Year                     = {2017},

  Key                      = {DB-Engines},
  Timestamp                = {2017.08},
  Url                      = {https://db-engines.com/en/ranking},
  Urlaccessdate            = {30 de agosto de 2017}
}

@book{Zighed2008,
 author = {Zighed, Djamel A. and Tsumoto, Shusaku and Ras, Zbigniew W. and Hacid, Hakim},
 title = {Mining Complex Data},
 year = {2008},
 isbn = {3540880666, 9783540880660},
 edition = {1st},
 publisher = {Springer Publishing Company, Incorporated},
} 

@Manual{abnTeX22014b,
  Title                    = {A classe abntex2},
  Author                   = {abnTeX2 and Lauro C\'{e}sar Araujo},
  Organization             = {Equipe abnTeX2},
  Year                     = {2014},

  Bdsk-url-1               = {http://code.google.com/p/abntex2/wiki/Download},
  Pages                    = {46},
  Subtitle                 = {Documentos t\'{e}cnicos e cient\'{i}ficos brasileiros compat\'{i}veis com as normas ABNT},
  Timestamp                = {2014.09.27},
  Url                      = {http://abntex2.googlecode.com/},
  Urlaccessdate            = {12 de setembro de 2014}
}


@Manual{abnTeX22014c,
  Title                    = {O pacote abntex2cite},
  Author                   = { Lauro C\'{e}sar Araujo and abnTeX2 },
  Organization             = {Equipe abnTeX2},
  Year                     = {2014},

  Bdsk-url-1               = {http://code.google.com/p/abntex2/wiki/Download},
  Pages                    = {23},
  Subtitle                 = {T\'{o}picos espec\'{i}ficos da ABNT NBR 10520:2002 e o estilo bibliogr\'{a}fico alfab\'{e}tico (sistema autor-data)},
  Timestamp                = {2014.09.27},
  Url                      = {http://abntex2.googlecode.com/},
  Urlaccessdate            = {12 de setembro de 2014}
}

@Book{Barbosa2004,
  Title                    = {Testando a utiliza{\c c}\~ao de ``et al.''},
  Author                   = {Carlos Barbosa and {Maria da} Silva Cardoso and {Tenitos da} Silva and Carminda Soares},
  Publisher                = {Editora},
  Year                     = {2004},

  Address                  = {Cidade},
  Edition                  = {2},

  Page                     = {5},
  Timestamp                = {2014.09.24}
}

@Misc{BibTeX2014,
  Title                    = {BibTeX.org},

  Author                   = {BibTeX},
  Year                     = {2014},

  Timestamp                = {2014.09.27},
  Url                      = {http://www.bibtex.org},
  Urlaccessdate            = {31 de julho de 2014}
}

@Book{Buerger1989,
  Title                    = {LaTeX for scientists and engineers},
  Author                   = {Buerger, David John},
  Publisher                = {McGraw-Hill},
  Year                     = {1989},

  Address                  = {Singapura},

  Timestamp                = {2014.09.27}
}



@Book{Goossens2007,
  Title                    = {The LaTeX graphics companion},
  Author                   = {Goossens, Michel and Mittelbach, Frank and Rahtz, Sebastian and Roegel, Denis and Voss, Herbert},
  Publisher                = {Addison-Wesley},
  Year                     = {2007},

  Address                  = {Boston},
  Edition                  = {2},

  Timestamp                = {2014.09.27}
}

@Misc{IRL2014,
  Title                    = {Internet Research Laboratory},

  Author                   = {IRL},
  Year                     = {2014},

  Key                      = {IRL},
  Timestamp                = {2014.09.24},
  Url                      = {http://irl.cs.ucla.edu/topology},
  Urlaccessdate            = {8 de mar{\c c}o de 2014}
}

@Book{Kopka2003,
  Title                    = {Guide to LaTeX},
  Author                   = {Kopka, Helmut and Daly, Patrick W.},
  Publisher                = {Addison-Wesley},
  Year                     = {2003},

  Address                  = {Boston},
  Edition                  = {4},

  Timestamp                = {2014.09.27}
}

@Book{Lamport1986,
  Title                    = {LaTeX: a document preparation system},
  Author                   = {Lamport, Leslie},
  Publisher                = {Addison-Wesley},
  Year                     = {1986},

  Address                  = {Boston},

  Timestamp                = {2014.09.27}
}

@Misc{LaTeX2014,
  Title                    = {The LaTeX project},

  Author                   = {LaTeX},
  Year                     = {2014},

  Timestamp                = {2014.09.27},
  Url                      = {http://www.latex-project.org},
  Urlaccessdate            = {31 de julho de 2014}
}

@Book{Maturana2003,
  Title                    = {A \'{A}rvore do Conhecimento},
  Author                   = {Humberto R. Maturana and Francisco J. Varela},
  Publisher                = {Editora Palas Athena},
  Year                     = {2003},

  Address                  = {S\~ao Paulo},
  Edition                  = {3},

  Page                     = {283},
  Subtitle                 = {as bases biol\'{o}gicas da compreens\~{a}o humana},
  Timestamp                = {2014.09.27}
}

@Book{Mittelbach2004,
  Title                    = {The LaTeX companion},
  Author                   = {Mittelbach, Frank and Goossens, Michel and Braams, Johannes and Carlisle, David and Rowley, Chris},
  Publisher                = {Addison-Wesley},
  Year                     = {2004},

  Address                  = {Boston},
  Edition                  = {2},

  Timestamp                = {2014.09.27}
}

@PhdThesis{Neubert2001,
  Title                    = {Algoritmos Distribu\'{i}dos para a Constru{\c c}\~ao de Arquivos Invertidos},
  Author                   = {Marden Silveira Neubert},
  School                   = {Departamento de Computa{\c c}\~ao, Universidade Federal de Minas Gerais},
  Year                     = {2001},

  Address                  = {Belo Horizonte},
  Type                     = {Doutorado em Ci{\^e}ncia da Computa{\c c}\~ao},

  Pagename                 = {f.},
  Pages                    = {145},
  Timestamp                = {2014.09.26},
  Year-presented           = {Mar{\c c}o 2001}
}

@MastersThesis{Santos2003,
  Title                    = {Aspectos Conceituais e Arquiteturais para a Cria{\c c}\~ao de Linhagens de Agentes de Software Cognitivos e Situados},
  Author                   = {Bruno Andr\'{e} Santos},
  School                   = {Centro Federal de Educa{\c c}\~ao Tecnol\'{o}gica de Minas Gerais},
  Year                     = {2003},

  Address                  = {Belo Horizonte},
  Type                     = {Mestrado em Tecnologia -- Nome da \'{a}rea de concentra{\c c}\~ao},

  Key                      = {intelig{\^e}ncia artificial, agentes inteligentes, cogni{\c c}\~ao situada},
  Pagename                 = {f.},
  Pages                    = {130},
  Timestamp                = {2014.09.26},
  Year-presented           = {Junho 2003}
}

@Book{Silva2000,
  Title                    = {A Intelig{\^e}ncia da Complexidade},
  Author                   = {Silva, Joaquim and Souza, Jo\~ao {Luiz de}},
  Publisher                = {Editora Petr\'{o}polis},
  Year                     = {2000},

  Address                  = {S\~ao Paulo},

  Timestamp                = {2014.09.24}
}

@MastersThesis{Souza2012,
  Title                    = {Recupera{\c c}\~ao de V\'{i}deos Baseada em Conte\'{u}do em um Sistema de Informa{\c c}\~ao para Apoio \`{a} An\'{a}lise do Discurso Televisivo},
  Author                   = {Celso {Luiz de} Souza},
  School                   = {Centro Federal de Educa{\c c}\~ao Tecnol\'{o}gica de Minas Gerais},
  Year                     = {2012},

  Address                  = {Belo Horizonte},
  Type                     = {Mestrado em Modelagem Matem\'{a}tica e Computacional -- Sistemas Inteligentes},

  Pagename                 = {f.},
  Pages                    = {130},
  Timestamp                = {2014.09.26},
  Year-presented           = {Outubro 2011}
}

@Article{vanGELDER1998,
  Title                    = {Disentangling Dynamics, Computation and Cognition},
  Author                   = {Tim {van GELDER}},
  Journal                  = {Behavioral and Brain Sciences},
  Year                     = {1998},
  Pages                    = {40--47},
  Volume                   = {21},

  Key                      = {cognitive science, digital computer, dynamical hypothesis, dynamical system},
  Timestamp                = {2014.09.26}
}

@Manual{NBR14724:2011,
  Title                    = {{ABNT NBR} 14724},

  Address                  = {Rio de Janeiro},
  Organization             = {Associa{\c c}\~ao Brasileira de Normas T\'ecnicas},
  Year                     = {2011},

  Org-short                = {ABNT},
  Pages                    = {11},
  Subtitle                 = {Informa{\c c}\~ao e documenta{\c c}\~ao --- Trabalhos acad\^emicos --- Apresenta{\c c}\~ao},
  Timestamp                = {2014.09.27}
}

@Manual{NBR15287:2005,
  Title                    = {{ABNT NBR} 15287},

  Address                  = {Rio de Janeiro},
  Month                    = {dez.},
  Organization             = {Associa{\c c}\~ao Brasileira de Normas T\'ecnicas},
  Year                     = {2005},

  Org-short                = {ABNT},
  Pages                    = {6},
  Subtitle                 = {Informa{\c c}\~ao e documenta{\c c}\~ao --- Projeto de pesquisa --- Apresenta{\c c}\~ao},
  Timestamp                = {2014.09.27}
}

@Manual{NBR10520:2002,
  Title                    = {{NBR} 10520},

  Address                  = {Rio de Janeiro},
  Month                    = {ago.},
  Organization             = {Associa{\c c}\~ao Brasileira de Normas T\'ecnicas},
  Year                     = {2002},

  Org-short                = {ABNT},
  Pages                    = {7},
  Subtitle                 = {Informa{\c c}\~ao e documenta{\c c}\~ao --- Cita{\c c}\~oes em documentos --- Apresenta{\c c}\~ao},
  Timestamp                = {2014.09.27}
}

@Manual{NBR6023:2002,
  Title                    = {{NBR} 6023},

  Address                  = {Rio de Janeiro},
  Month                    = {ago.},
  Organization             = {Associa{\c c}\~ao Brasileira de Normas T\'ecnicas},
  Year                     = {2002},

  Org-short                = {ABNT},
  Pages                    = {24},
  Subtitle                 = {Informa{\c c}\~ao e documenta{\c c}\~ao --- Refer\^encias --- Elabora{\c c}\~ao},
  Timestamp                = {2014.09.27}
}
